@STRING{Keywords = online}

@INPROCEEDINGS{qin1997overview,
  title={An overview of industrial model predictive control technology},
  author={Qin, S Joe and Badgwell, Thomas A},
  booktitle={AIche symposium series},
  volume={93},
  number={316},
  pages={232--256},
  year={1997},
  organization={New York, NY: American Institute of Chemical Engineers, 1971-c2002.}
}

@BOOK{lee1967foundations,
  title={Foundations of optimal control theory},
  author={Lee, Ernest Bruce and Markus, Lawrence},
  volume={87},
  year={1967},
  publisher={Wiley New York}
}

@INPROCEEDINGS{mpc-of-an-autonomous-vehicle,
  author={Kim, B. and Necsulescu, D. and Sasiadek, J.},
  booktitle={2001 IEEE/ASME International Conference on Advanced Intelligent Mechatronics. Proceedings (Cat. No.01TH8556)}, 
  title={Model predictive control of an autonomous vehicle}, 
  year={2001},
  volume={2},
  number={},
  pages={1279-1284 vol.2},
  keywords={Predictive models;Predictive control;Remotely operated vehicles;Mobile robots;Space vehicles;Vehicle dynamics;Road vehicles;Aerodynamics;Land vehicles;Motion control},
  doi={10.1109/AIM.2001.936906}}

@INPROCEEDINGS{ilmpc,
  author={Chen, Yanfang and Li, Xuefang},
  booktitle={2022 IEEE 11th Data Driven Control and Learning Systems Conference (DDCLS)}, 
  title={Iterative Learning Model Predictive Control for Lateral Control of Autonomous Vehicles}, 
  year={2022},
  volume={},
  number={},
  pages={911-916},
  keywords={Uncertainty;Stability criteria;Control systems;Robustness;Numerical models;Feedforward neural networks;Trajectory;Autonomous vehicles (AVs);iterative learning model predictive control (ILMPC);lateral control;control-affine feedforward neural network (CAFNN)},
  doi={10.1109/DDCLS55054.2022.9858355}}

@ARTICLE{gao2021robust,

  author={Gao, Hongbo and Kan, Zhen and Li, Keqiang},

  journal={IEEE/ASME Transactions on Mechatronics}, 

  title={Robust Lateral Trajectory Following Control of Unmanned Vehicle Based on Model Predictive Control}, 

  year={2022},

  volume={27},

  number={3},

  pages={1278-1287},

  keywords={Sensors;Unmanned vehicles;Vehicle dynamics;Kinematics;Trajectory;Predictive models;Computational modeling;Lateral trajectory following;model predictive control;taylor series expansion;unmanned vehicle},

  doi={10.1109/TMECH.2021.3087605}}

@misc{Nico_Stanley,
author={Schick, Nico},
title={Entwurf einer Querregelung für ein autonom fahrendes Modellauto auf der Basis des Stanley-Algorithmus},
year={2019},
organization={Hochschule Esslingen, Fakultät Informationstechnik},
keywords={intern}
}

@misc{softwarestackBFMC2023,
author={Haeringer, Jakob},
title={Softwarestack BFMC 2023},
year={2023},
url = {https://gitlab.hs-esslingen.de/itmoves-masters/BFMC/-/wikis/uploads/e0a4c21a056d94bc7b9f2ee0555d18e4/Project_Architecture_4_DriverlES.png},
organization={Hochschule Esslingen, Fakultät Informationstechnik},
keywords={intern}
}

@MISC{hs_esslingen_git,
author = {Blessing, Constantin},
title = {Unity Simulator},
note = {Abgerufen am 04.02.2024},
url = {https://gitlab.hs-esslingen.de/itmoves-masters/Simulator/-/blob/main/readme.md},
keywords = {online, intern},
organization={Hochschule Esslingen, Fakultät Informationstechnik}
}

@MISC{bosch_bfmc_competition_regulation,
author = {{Bosch Engineering Center Cluj and BFMC organizers}},
title = {BFMC - Competition Regulation},
note = {Abgerufen am 04.02.2024},
url = {https://bosch-future-mobility-challenge-competition-regulation.readthedocs-hosted.com/data/whatsprovided.html#working-model-vehicle},
keywords = {online},
}

@MISC{bosch_bfmc_competition_documentation,
author = {{Bosch Engineering Center Cluj and BFMC organizers}},
title = {BFMC - Competition Documentation},
note = {Abgerufen am 04.02.2024},
url = {https://bosch-future-mobility-challenge-documentation.readthedocs-hosted.com/data/hardwaresetupofcar.html},
keywords = {online},
}

@MISC{stanley_DARPA_grand_challange,
author = {{Thrun, Sebastian et al.}},
title = {Stanley: The robot that won the DARPA Grand Challenge},
note = {Abgerufen am 04.02.2024},
keywords = {online},
doi={https://doi.org/10.1002/rob.20147},
}

@MISC{mpc-uni-stuttgart,
author = {{Universität Stuttgart, Institute of Systems Theory and Automatic Control}},
title = {Model Predictive Control},
note = {Abgerufen am 04.02.2024},
url = {https://www.ist.uni-stuttgart.de/research/group-of-frank-allgoewer/model-predictive-control/},
keywords = {online},
timestamp = {o.D.}
}
@MISC{m1,
author = {Gerald Scheffels},
title = {Autonomes Fahren: Wie es funktioniert, wo die Technik steht },
journal={Automobile Industirie,  Vogel Communications Group},
url = {https://www.automobil-industrie.vogel.de/autonomes-fahren-wie-es-funktioniert-wo-die-technik-steht-a-786184/},
keywords = {online},
timestamp = {o.D.}
}
@MISC{boschfumobility,
title = {Bosch Future Mobility Challenge},
url = {https://boschfuturemobility.com/},
keywords = {online},
timestamp = {o.D.}
}
@MISC{bfmc,
title = {BFMC - Competition Regulation},
url = {https://bosch-future-mobility-challenge-competition-regulation.readthedocs-hosted.com/_/downloads/en/latest/pdf/},
keywords = {online},
timestamp = {o.D.}
}
@MISC{behaviortree,
url = {https://www.behaviortree.dev/},
keywords = {online},
timestamp = {o.D.}
}
@MISC{groot2,
url = {https://www.behaviortree.dev/groot},
keywords = {online},
timestamp = {o.D.}
}
@misc{bt-cpp,
title = {About this library},
url = {https://www.behaviortree.dev/docs/intro},
keywords = {online},
timestamp = {o.D.}
}
@misc{bfmc-traficRule,
title = {The track: Trafic rules},
url = {https://bosch-future-mobility-challenge-competition-regulation.readthedocs-hosted.com/data/track.html},
keywords = {online},
timestamp = {o.D.}
}
@misc{bfmc-roadMark,
title = {The track: Road Markings},
url = {https://bosch-future-mobility-challenge-competition-regulation.readthedocs-hosted.com/data/track.html},
keywords = {online},
timestamp = {o.D.}
}
@misc{bfmc-competition,
title = {The competition days: The run},
url = {https://bosch-future-mobility-challenge-competition-regulation.readthedocs-hosted.com/data/competitiondays.html},
keywords = {online},
timestamp = {o.D.}
}
@misc{bfmc-vehicle2everyth,
title = {The track: Vehicle-to-Everything},
url = {https://bosch-future-mobility-challenge-competition-regulation.readthedocs-hosted.com/data/track.html},
keywords = {online},
timestamp = {o.D.}
}
@misc{bfmc-racetrack,
autor = {ECC-BFMC},
title = {ECC-BFMC Documentation/source/racetrack/},
url = {https://github.com/ECC-BFMC/Documentation/blob/master/source/racetrack/Track.svg},
keywords = {online},
timestamp = {o.D.}
}

@misc{jetson-orinNX,
title = {JETSON ORIN NX8 NVIDIA Jetson Orin NX, 6x 2 GHz, 70 TOPS, 8 GB DDR5},
url = {https://www.reichelt.de/de/de/nvidia-jetson-orin-nx-6x-2-ghz-70-tops-8-gb-ddr5-jetson-orin-nx8-p358846.html?PROVID=2788&&r=1},
keywords = {online}
}
@misc{jetson-orinIO,
title = {JETSON ORIN IO Jetson Orin - Entwicklerplatine für Modul},
url = {https://www.reichelt.de/jetson-orin-entwicklerplatine-fuer-modul-jetson-orin-io-p350589.html?&nbc=1&trstct=lsbght_sldr::358846},
keywords = {online}
}
@misc{reflection-sensor,
title = {QTR-1A Reflectance Sensor (2-Pack)},
url = {https://www.pololu.com/product/2458},
keywords = {online}
}

@INPROCEEDINGS{stanley_mpc_comparison1,
  author={Liu, Jia and Yang, Zhiheng and Huang, Zhejun and Li, Wenfei and Dang, Shaobo and Li, Huiyun},
  booktitle={2021 IEEE International Conference on Real-time Computing and Robotics (RCAR)}, 
  title={Simulation Performance Evaluation of Pure Pursuit, Stanley, LQR, MPC Controller for Autonomous Vehicles}, 
  year={2021},
  volume={},
  number={},
  pages={1444-1449},
  keywords={Regulators;Shape;Computational modeling;Conferences;Predictive models;Real-time systems;Vehicle dynamics},
  doi={10.1109/RCAR52367.2021.9517448}}

@INPROCEEDINGS{stanley_mpc_comparison2,
  author={K, Vivek and Ambalal Sheta, Milankumar and Gumtapure, Veershetty},
  booktitle={2019 IEEE International Conference on Intelligent Systems and Green Technology (ICISGT)}, 
  title={A Comparative Study of Stanley, LQR and MPC Controllers for Path Tracking Application (ADAS/AD)}, 
  year={2019},
  volume={},
  number={},
  pages={67-674},
  keywords={Mathematical model;Matlab;Wheels;Roads;Kinematics;Automobiles;Geometry;Stanley controller, LQR, MPC, MATLAB, IPG CarMaker, Path tracking, ADAS/AD.},
  doi={10.1109/ICISGT44072.2019.00030}}

@misc{vorschauweite_notebook,
title={BFMC\_KameraVorschau.ipynb},
titleaddon={Notebook zur Verifizierung der Formel zur Berechnung der Vorschauweite},
year={2024},
url = {https://gitlab.hs-esslingen.de/itmoves-masters/BFMC/-/wikis/BFMC-2024/Documentation},
organization={Hochschule Esslingen, Fakultät Informationstechnik},
keywords={intern}
}

@misc{intel-realsense,
title = {Intel Realsense Depth Camera D435},
url = {https://www.intelrealsense.com/depth-camera-d435/},
keywords = {online}
}